@book{Dorst,
    title = {Geometric Algebra},
    author = {Leo Dorst},
    year = {2000 ?},
    month = {}
}

@Misc{nblignescode, 
    title ={Combien de lignes de code par application ?}, 
    author = {Gabriel Dabi-Schwebel}, 
    month = {18 Décembre},
    howpublished = {https://www.1min30.com/developpement-web/combien-de-lignes-de-code-par-application-infographie-7627},
    year =         {2013}
}

@Misc{alggeom, 
    title ={Algèbre géométrique (structure)}, 
    author = {Wikipédia}, 
    howpublished = {https://fr.wikipedia.org/wiki/Alg%C3%A8bre_g%C3%A9om%C3%A9trique_%28structure%29}
    }

@Misc{ariane, 
    title ={Vol 501 d'Ariane 5}, 
    author = {Wikipédia}, 
    howpublished = {https://fr.wikipedia.org/wiki/Vol\_501\_d%27Ariane\_5}
    }    
    
@article{summary, 
    title = {A Survey of Geometric Algebra and Geometric Calculus}, 
    author = {Alan MacDonald},
    month = {30 Mars}, 
    year = {2019}
    }
    
