@Misc{ariane, 
    title ={Vol 501 d'Ariane 5}, 
    author = {Wikipédia}, 
    howpublished = {https://fr.wikipedia.org/wiki/Vol\_501\_d%27Ariane\_5}
    }    
    
@book{Dorst,
    title = {Geometric Algebra},
    author = {Leo Dorst},
    year = {2000},
    month = {},
    publisher={}
}

@Misc{nblignescode, 
    title ={Combien de lignes de code par application ?}, 
    author = {Gabriel Dabi-Schwebel}, 
    month = {18 Décembre},
    howpublished = {https://www.1min30.com/developpement-web/combien-de-lignes-de-code-par-application-infographie-7627},
    year =         {2013}
}

@Misc{alggeom, 
    title ={Algèbre géométrique (structure)}, 
    author = {Wikipédia}, 
    howpublished = {https://fr.wikipedia.org/wiki/Alg%C3%A8bre_g%C3%A9om%C3%A9trique_%28structure%29}
    }

@Misc{icube, 
    title ={Présentation d'Icube}, 
    author = {Icube}, 
    howpublished = {https://icube.unistra.fr/}
    }

@book{Dietmar,
    title = {Foundations of Geometric Algebra Computing},
    author = {Dietmar Hildenbrand},
    year = {2013},
    month = {},
    publisher={}
}

@article{Thery, 
title = {A Formalization of Grassmann-Cayley Algebra in Coq and its Application to Theorem Proving in Projective Geometry}, 
author = {Laurent Fuchs and Laurent Théry}, 
year = {2012}, 
month = {Janvier},
publisher={}
}

@article{a, 
title =  {Differential and inverse kinematics of robot devices using conformal geometric algebra},
author = {Eduardo Bayro-Corrochano and Julio Zamora-Esquivel},
year = {2006},
month={Août},
publisher = {}
}

@article{b, 
title =  {Inverse Kinematics for Industrial Robots using Conformal Geometric Algebra},
author = {A. Kleppe and O. Egeland},
year = {2016},
month={},
publisher = {}
}

@article{c, 
title =  {Formalization of Geometric Algebra in HOL Light},
author = {Li-Ming Li and Zhi-Ping Shi and Yong-Dong Li},
year = {2018},
month={Novembre},
publisher = {}
}

@article{d, 
title =  {Formal Foundations of 3D Geometry to Model Robot Manipulators},
author = {Reynald Affeldt and Cyril Cohen},
year = {2017},
month={},
publisher = {}
}


